<record><leader>00000cas a22000007a 4500</leader><controlfield tag="001">703432301</controlfield><controlfield tag="008">110223d189uuuuukyumn n      s0    0eng d</controlfield><datafield ind1=" " ind2=" " tag="010"><subfield code="a">  2015270502</subfield></datafield><datafield ind1=" " ind2=" " tag="040"><subfield code="a">KUK</subfield><subfield code="c">KUK</subfield><subfield code="d">KUK</subfield><subfield code="d">OCLCF</subfield><subfield code="d">OCLCO</subfield><subfield code="d">KUK</subfield><subfield code="d">DLC</subfield></datafield><datafield ind1=" " ind2=" " tag="042"><subfield code="a">msc</subfield></datafield><datafield ind1=" " ind2=" " tag="043"><subfield code="a">n-us-ky</subfield></datafield><datafield ind1=" " ind2=" " tag="090"><subfield code="a">LH1.K4</subfield><subfield code="b">C33</subfield></datafield><datafield ind1="0" ind2="4" tag="245"><subfield code="a">The State College cadet.</subfield></datafield><datafield ind1="3" ind2="0" tag="246"><subfield code="a">Cadet</subfield></datafield><datafield ind1=" " ind2=" " tag="260"><subfield code="a">Lexington, Ky. :</subfield><subfield code="b">State College</subfield></datafield><datafield ind1=" " ind2=" " tag="300"><subfield code="a">v. :</subfield><subfield code="b">ill.</subfield></datafield><datafield ind1=" " ind2=" " tag="588"><subfield code="a">Description based on: Vol. 2, no. 4 (Dec. 23,1891).</subfield></datafield><datafield ind1=" " ind2=" " tag="588"><subfield code="a">Latest issue consulted: Vol. 5, no. 8 (Apr. 1895).</subfield></datafield><datafield ind1=" " ind2=" " tag="500"><subfield code="a">"Published monthly during the collegiate year only, in the interest of every department of the State College."</subfield></datafield><datafield ind1="2" ind2="0" tag="610"><subfield code="a">Agricultural and Mechanical College of Kentucky</subfield><subfield code="x">Students</subfield><subfield code="v">Newspapers.</subfield></datafield><datafield ind1=" " ind2="0" tag="651"><subfield code="a">Lexington (Ky.)</subfield><subfield code="v">Newspapers.</subfield></datafield><datafield ind1=" " ind2="0" tag="651"><subfield code="a">Fayette County (Ky.)</subfield><subfield code="v">Newspapers.</subfield></datafield><datafield ind1=" " ind2="7" tag="655"><subfield code="a">Newspapers.</subfield><subfield code="2">fast</subfield><subfield code="0">(OCoLC)fst01423814</subfield></datafield><datafield ind1="2" ind2="7" tag="610"><subfield code="a">Agricultural and Mechanical College of Kentucky.</subfield><subfield code="2">fast</subfield><subfield code="0">(OCoLC)fst00590964</subfield></datafield><datafield ind1=" " ind2="7" tag="650"><subfield code="a">Students.</subfield><subfield code="2">fast</subfield><subfield code="0">(OCoLC)fst01136041</subfield></datafield><datafield ind1=" " ind2="7" tag="651"><subfield code="a">Kentucky</subfield><subfield code="z">Fayette County.</subfield><subfield code="2">fast</subfield><subfield code="0">(OCoLC)fst01206953</subfield></datafield><datafield ind1=" " ind2="7" tag="651"><subfield code="a">Kentucky</subfield><subfield code="z">Lexington.</subfield><subfield code="2">fast</subfield><subfield code="0">(OCoLC)fst01206432</subfield></datafield><datafield ind1="2" ind2=" " tag="710"><subfield code="a">Agricultural and Mechanical College of Kentucky.</subfield></datafield><datafield ind1="2" ind2=" " tag="710"><subfield code="a">University of Kentucky.</subfield></datafield><datafield ind1=" " ind2=" " tag="752"><subfield code="a">United States</subfield><subfield code="b">Kentucky</subfield><subfield code="c">Fayette</subfield><subfield code="d">Lexington</subfield></datafield></record>